@article{glowinski_finite_nodate,
	title = {Finite {Element} {Methods} for {Navier}-{Stokes} {Equations}},
	language = {en},
	author = {Glowinski, R and {O Pironneau}},
	keywords = {CFD, Finite Element Method, Fluid Mechanics, Numerical Methods},
	pages = {38},
	file = {Glowinski and Pironneau - Finite Element Methods for Navier-Stokes Equations.pdf:/Users/user/Zotero/storage/XZC8T6FF/Glowinski and Pironneau - Finite Element Methods for Navier-Stokes Equations.pdf:application/pdf},
}
